<?xml version="1.0" encoding="UTF-8"?><collection xmlns="http://www.loc.gov/MARC21/slim"><record><leader>00359nam--2200145-i-4500</leader><controlfield tag="001">000004921</controlfield><controlfield tag="002">20161230</controlfield><controlfield tag="005">20170302233830</controlfield><controlfield tag="008">060222s1000------------r-----000-0-eng-d</controlfield><datafield ind1=" " ind2=" " tag="100"><subfield code="a">Carleton, R. H</subfield></datafield><datafield ind1=" " ind2=" " tag="245"><subfield code="a">Chemistry activities</subfield></datafield><datafield ind1=" " ind2=" " tag="260"><subfield code="a">Chicago</subfield><subfield code="b">Lippincott Co</subfield><subfield code="c">1954</subfield></datafield><datafield ind1=" " ind2=" " tag="300"><subfield code="a">256 p. + Suppl</subfield></datafield><datafield ind1=" " ind2=" " tag="700"><subfield code="a">Elder, T. H</subfield></datafield><datafield ind1=" " ind2=" " tag="CAT"><subfield code="a">SYS</subfield><subfield code="c">20170302</subfield><subfield code="h">233830</subfield></datafield></record></collection>